<?xml version="1.0" encoding="UTF-8"?><record xmlns="http://www.loc.gov/MARC21/slim" xmlns:cinclude="http://apache.org/cocoon/include/1.0" xmlns:zs="http://www.loc.gov/zing/srw/">
  <leader>00863cz  a2200193n  4500</leader>
  <controlfield tag="001">n  90710560 </controlfield>
  <controlfield tag="003">DLC</controlfield>
  <controlfield tag="005">20160331123401.0</controlfield>
  <controlfield tag="008">901031n| azannaab           |n aaa      </controlfield>
  <datafield tag="010" ind1=" " ind2=" ">
    <subfield code="a">n  90710560 </subfield>
    <subfield code="z">n 2006032098</subfield>
  </datafield>
  <datafield tag="040" ind1=" " ind2=" ">
    <subfield code="a">DLC</subfield>
    <subfield code="b">eng</subfield>
    <subfield code="e">rda</subfield>
    <subfield code="c">DLC</subfield>
    <subfield code="d">DLC</subfield>
  </datafield>
  <datafield tag="046" ind1=" " ind2=" ">
    <subfield code="f">1949-08-18</subfield>
    <subfield code="2">edtf</subfield>
  </datafield>
  <datafield tag="100" ind1="1" ind2=" ">
    <subfield code="a">Kibbee, Douglas A.</subfield>
  </datafield>
  <datafield tag="370" ind1=" " ind2=" ">
    <subfield code="a">Language and languages</subfield>
    <subfield code="2">lcsh</subfield>
  </datafield>
  <datafield tag="372" ind1=" " ind2=" ">
    <subfield code="a">College teachers</subfield>
    <subfield code="2">lcsh</subfield>
  </datafield>
  <datafield tag="375" ind1=" " ind2=" ">
    <subfield code="a">male</subfield>
  </datafield>
  <datafield tag="670" ind1=" " ind2=" ">
    <subfield code="a">Wanner, D. New analyses in Romance linguistics, 1990:</subfield>
    <subfield code="b">CIP t.p. (Douglas, A. Kibbee)</subfield>
  </datafield>
  <datafield tag="670" ind1=" " ind2=" ">
    <subfield code="a">Kibbee, D. Language and the law, 2016:</subfield>
    <subfield code="b">ECIP data view (Douglas A. Kibbee, b. Aug. 18, 1949)</subfield>
  </datafield>
  <datafield tag="670" ind1=" " ind2=" ">
    <subfield code="a">University of Illinois at Urbana-Champaign website, viewed 3/31/2016</subfield>
    <subfield code="b">("Douglas A. Kibbee, Professor Emeritus of Medieval Studies,Second Language Acquisition and Teacher Education,French and Italian, and Center for Global Studies")</subfield>
  </datafield>
</record>